<?xml version="1.0" encoding="UTF-8"?><collection xmlns="http://www.loc.gov/MARC21/slim"><record><leader>00437nam--2200145-i-4500</leader><controlfield tag="001">000048345</controlfield><controlfield tag="002">20161230</controlfield><controlfield tag="005">20161230201046</controlfield><controlfield tag="008">060222s1000------------r-----000-0-eng-d</controlfield><datafield ind1=" " ind2=" " tag="080"><subfield code="a">621.039.84:015:616-073</subfield></datafield><datafield ind1=" " ind2=" " tag="100"><subfield code="a">Zeisner,Werner</subfield></datafield><datafield ind1=" " ind2=" " tag="245"><subfield code="a">Lymphtransportstorungen beim klipper-trenaunay-parkes-weber-syndrom isotopenlimphographie (198 au)</subfield></datafield><datafield ind1=" " ind2=" " tag="260"><subfield code="a">Wurzburg, Univ.Wurzburg, 1971. 65 P</subfield></datafield><datafield ind1=" " ind2=" " tag="490"><subfield code="a">Dissertation</subfield></datafield><datafield ind1=" " ind2=" " tag="852"><subfield code="a">39020</subfield></datafield></record></collection>